<?xml version="1.0" encoding="UTF-8"?><collection xmlns="http://www.loc.gov/MARC21/slim"><record><leader>00383nam--2200133-i-4500</leader><controlfield tag="001">000013719</controlfield><controlfield tag="002">20161230</controlfield><controlfield tag="005">20161230201030</controlfield><controlfield tag="008">060222s1000------------r-----000-0-eng-d</controlfield><datafield ind1=" " ind2=" " tag="080"><subfield code="a">621.3.08:621.3.082.722.55:621.317.39</subfield></datafield><datafield ind1=" " ind2=" " tag="100"><subfield code="a">Pople, J</subfield></datafield><datafield ind1=" " ind2=" " tag="245"><subfield code="a">Bssm strain measurement reference book</subfield></datafield><datafield ind1=" " ind2=" " tag="260"><subfield code="a">London, The British Society Of Strain Mesureme Nt, 1979. 208 P</subfield></datafield><datafield ind1=" " ind2=" " tag="852"><subfield code="a">49273</subfield></datafield></record></collection>